@misc{ridnik2024codegenerationalphacodiumprompt,
      title={Code Generation with AlphaCodium: From Prompt Engineering to Flow Engineering}, 
      author={Tal Ridnik and Dedy Kredo and Itamar Friedman},
      year={2024},
      eprint={2401.08500},
      archivePrefix={arXiv},
      primaryClass={cs.LG},
      url={https://arxiv.org/abs/2401.08500}, 
}
@misc{wei2023chainofthoughtpromptingelicitsreasoning,
      title={Chain-of-Thought Prompting Elicits Reasoning in Large Language Models}, 
      author={Jason Wei and Xuezhi Wang and Dale Schuurmans and Maarten Bosma and Brian Ichter and Fei Xia and Ed Chi and Quoc Le and Denny Zhou},
      year={2023},
      eprint={2201.11903},
      archivePrefix={arXiv},
      primaryClass={cs.CL},
      url={https://arxiv.org/abs/2201.11903}, 
}
@misc{josifoski2024flowsbuildingblocksreasoning,
      title={Flows: Building Blocks of Reasoning and Collaborating AI}, 
      author={Martin Josifoski and Lars Klein and Maxime Peyrard and Nicolas Baldwin and Yifei Li and Saibo Geng and Julian Paul Schnitzler and Yuxing Yao and Jiheng Wei and Debjit Paul and Robert West},
      year={2024},
      eprint={2308.01285},
      archivePrefix={arXiv},
      primaryClass={cs.AI},
      url={https://arxiv.org/abs/2308.01285}, 
}
@misc{patil2023gorillalargelanguagemodel,
      title={Gorilla: Large Language Model Connected with Massive APIs}, 
      author={Shishir G. Patil and Tianjun Zhang and Xin Wang and Joseph E. Gonzalez},
      year={2023},
      eprint={2305.15334},
      archivePrefix={arXiv},
      primaryClass={cs.CL},
      url={https://arxiv.org/abs/2305.15334}, 
}
@misc{liu2023graphpromptunifyingpretrainingdownstream,
      title={GraphPrompt: Unifying Pre-Training and Downstream Tasks for Graph Neural Networks},
      author={Zemin Liu and Xingtong Yu and Yuan Fang and Xinming Zhang},
      year={2023},
      eprint={2302.08043},
      archivePrefix={arXiv},
      primaryClass={cs.LG},
      url={https://arxiv.org/abs/2302.08043},
}
@misc{chen2023programthoughtspromptingdisentangling,
      title={Program of Thoughts Prompting: Disentangling Computation from Reasoning for Numerical Reasoning Tasks}, 
      author={Wenhu Chen and Xueguang Ma and Xinyi Wang and William W. Cohen},
      year={2023},
      eprint={2211.12588},
      archivePrefix={arXiv},
      primaryClass={cs.CL},
      url={https://arxiv.org/abs/2211.12588}, 
}
@misc{yao2023reactsynergizingreasoningacting,
      title={ReAct: Synergizing Reasoning and Acting in Language Models},
      author={Shunyu Yao and Jeffrey Zhao and Dian Yu and Nan Du and Izhak Shafran and Karthik Narasimhan and Yuan Cao},
      year={2023},
      eprint={2210.03629},
      archivePrefix={arXiv},
      primaryClass={cs.CL},
      url={https://arxiv.org/abs/2210.03629},
}
@misc{song2023restgpt,
      title={RestGPT: Connecting Large Language Models with Real-World RESTful APIs}, 
      author={Yifan Song and Weimin Xiong and Dawei Zhu and Wenhao Wu and Han Qian and Mingbo Song and Hailiang Huang and Cheng Li and Ke Wang and Rong Yao and Ye Tian and Sujian Li},
      year={2023},
      eprint={2306.06624},
      archivePrefix={arXiv},
      primaryClass={cs.CL}
}
@misc{zhang2024reversechaingenericrulellms,
      title={Reverse Chain: A Generic-Rule for LLMs to Master Multi-API Planning},
      author={Yinger Zhang and Hui Cai and Xeirui Song and Yicheng Chen and Rui Sun and Jing Zheng},
      year={2024},
      eprint={2310.04474},
      archivePrefix={arXiv},
      primaryClass={cs.SE},
      url={https://arxiv.org/abs/2310.04474},
}
@misc{schick2023toolformerlanguagemodelsteach,
      title={Toolformer: Language Models Can Teach Themselves to Use Tools},
      author={Timo Schick and Jane Dwivedi-Yu and Roberto Dess√¨ and Roberta Raileanu and Maria Lomeli and Luke Zettlemoyer and Nicola Cancedda and Thomas Scialom},
      year={2023},
      eprint={2302.04761},
      archivePrefix={arXiv},
      primaryClass={cs.CL},
      url={https://arxiv.org/abs/2302.04761},
}
@misc{yao2023treethoughtsdeliberateproblem,
      title={Tree of Thoughts: Deliberate Problem Solving with Large Language Models},
      author={Shunyu Yao and Dian Yu and Jeffrey Zhao and Izhak Shafran and Thomas L. Griffiths and Yuan Cao and Karthik Narasimhan},
      year={2023},
      eprint={2305.10601},
      archivePrefix={arXiv},
      primaryClass={cs.CL},
      url={https://arxiv.org/abs/2305.10601},
}
@misc{qin2023toolllmfacilitatinglargelanguage,
      title={ToolLLM: Facilitating Large Language Models to Master 16000+ Real-world APIs},
      author={Yujia Qin and Shihao Liang and Yining Ye and Kunlun Zhu and Lan Yan and Yaxi Lu and Yankai Lin and Xin Cong and Xiangru Tang and Bill Qian and Sihan Zhao and Lauren Hong and Runchu Tian and Ruobing Xie and Jie Zhou and Mark Gerstein and Dahai Li and Zhiyuan Liu and Maosong Sun},
      year={2023},
      eprint={2307.16789},
      archivePrefix={arXiv},
      primaryClass={cs.AI},
      url={https://arxiv.org/abs/2307.16789},
}
@misc{berkeley-function-calling-leaderboard,
    title={Berkeley Function Calling Leaderboard}, 
    author={Fanjia Yan and Huanzhi Mao and Charlie Cheng-Jie Ji
    and Tianjun Zhang and Shishir G. Patil and Ion Stoica and Joseph E.
    Gonzalez},
    howpublished={\url{https://gorilla.cs.berkeley.edu/blogs/8_berkeley_function_calling_leaderboard.html}},
    year={2024},
}
@misc{brown2020languagemodelsfewshotlearners,
      title={Language Models are Few-Shot Learners}, 
      author={Tom B. Brown and Benjamin Mann and Nick Ryder and Melanie Subbiah and Jared Kaplan and Prafulla Dhariwal and Arvind Neelakantan and Pranav Shyam and Girish Sastry and Amanda Askell and Sandhini Agarwal and Ariel Herbert-Voss and Gretchen Krueger and Tom Henighan and Rewon Child and Aditya Ramesh and Daniel M. Ziegler and Jeffrey Wu and Clemens Winter and Christopher Hesse and Mark Chen and Eric Sigler and Mateusz Litwin and Scott Gray and Benjamin Chess and Jack Clark and Christopher Berner and Sam McCandlish and Alec Radford and Ilya Sutskever and Dario Amodei},
      year={2020},
      eprint={2005.14165},
      archivePrefix={arXiv},
      primaryClass={cs.CL},
      url={https://arxiv.org/abs/2005.14165}, 
}
@misc{wu2024toolplannertoolaugmentedllm,
      title={ToolPlanner: A Tool Augmented LLM for Multi Granularity Instructions with Path Planning and Feedback}, 
      author={Qinzhuo Wu and Wei Liu and Jian Luan and Bin Wang},
      year={2024},
      eprint={2409.14826},
      archivePrefix={arXiv},
      primaryClass={cs.CL},
      url={https://arxiv.org/abs/2409.14826}, 
}
@misc{agarwal2024llmreasoningplanningsupportingincompleteuser,
      title={LLM+Reasoning+Planning for supporting incomplete user queries in presence of APIs}, 
      author={Sudhir Agarwal and Anu Sreepathy and David H. Alonso and Prarit Lamba},
      year={2024},
      eprint={2405.12433},
      archivePrefix={arXiv},
      primaryClass={cs.AI},
      url={https://arxiv.org/abs/2405.12433}, 
}
@misc{xie2024travelplannerbenchmarkrealworldplanning,
      title={TravelPlanner: A Benchmark for Real-World Planning with Language Agents}, 
      author={Jian Xie and Kai Zhang and Jiangjie Chen and Tinghui Zhu and Renze Lou and Yuandong Tian and Yanghua Xiao and Yu Su},
      year={2024},
      eprint={2402.01622},
      archivePrefix={arXiv},
      primaryClass={cs.CL},
      url={https://arxiv.org/abs/2402.01622}, 
}
@article{tong_wu__2023,
        title={ AR-Diffusion: Auto-Regressive Diffusion Model for Text Generation },
        author={ Tong Wu and Zhihao Fan and Xiao Liu and Yeyun Gong and Yelong Shen and Jian Jiao and Haitao Zheng and Juntao Li and Zhongyu Wei and Jian Guo and Nan Duan and Weizhu Chen },
        journal={ arXiv.org },
        year={ 2023 },
        volume={ abs/2305.09515 },
        doi={ 10.48550/arXiv.2305.09515 },  
}
@article{zhuocheng_shen_2024,
        title={ LLM With Tools: A Survey },
        author={ Zhuocheng Shen },
        year={ 2024 },
        publisher={ Cornell University },
        doi={ 10.48550/arxiv.2409.18807 },  
}
@article{Besta_2024,
   title={Graph of Thoughts: Solving Elaborate Problems with Large Language Models},
   volume={38},
   ISSN={2159-5399},
   url={http://dx.doi.org/10.1609/aaai.v38i16.29720},
   DOI={10.1609/aaai.v38i16.29720},
   number={16},
   journal={Proceedings of the AAAI Conference on Artificial Intelligence},
   publisher={Association for the Advancement of Artificial Intelligence (AAAI)},
   author={Besta, Maciej and Blach, Nils and Kubicek, Ales and Gerstenberger, Robert and Podstawski, Michal and Gianinazzi, Lukas and Gajda, Joanna and Lehmann, Tomasz and Niewiadomski, Hubert and Nyczyk, Piotr and Hoefler, Torsten},
   year={2024},
   month=mar, pages={17682-17690}
}
@misc{yao2023thinkinglikeexpertmultimodalhypergraphofthought,
      title={Thinking Like an Expert:Multimodal Hypergraph-of-Thought (HoT) Reasoning to boost Foundation Modals}, 
      author={Fanglong Yao and Changyuan Tian and Jintao Liu and Zequn Zhang and Qing Liu and Li Jin and Shuchao Li and Xiaoyu Li and Xian Sun},
      year={2023},
      eprint={2308.06207},
      archivePrefix={arXiv},
      primaryClass={cs.CL},
      url={https://arxiv.org/abs/2308.06207}, 
}
@misc{wang2023selfconsistencyimproveschainthought,
      title={Self-Consistency Improves Chain of Thought Reasoning in Language Models}, 
      author={Xuezhi Wang and Jason Wei and Dale Schuurmans and Quoc Le and Ed Chi and Sharan Narang and Aakanksha Chowdhery and Denny Zhou},
      year={2023},
      eprint={2203.11171},
      archivePrefix={arXiv},
      primaryClass={cs.CL},
      url={https://arxiv.org/abs/2203.11171}, 
}
@misc{du2024anytoolselfreflectivehierarchicalagents,
      title={AnyTool: Self-Reflective, Hierarchical Agents for Large-Scale API Calls}, 
      author={Yu Du and Fangyun Wei and Hongyang Zhang},
      year={2024},
      eprint={2402.04253},
      archivePrefix={arXiv},
      primaryClass={cs.CL},
      url={https://arxiv.org/abs/2402.04253}, 
}
@misc{prompting_techniques_nextra,
 URL = {https://www.promptingguide.ai/techniques},
 accessed = {2025-01-01},
 publication_type = {misc},
 title = {Prompting Techniques - Nextra}
}
@misc{oas_specification,
 URL = {https://spec.openapis.org/oas/v3.1.0.html},
 accessed = {2025-01-01},
 publication_type = {misc},
 title = {OpenAPI Specification v3.1.0}
}
@misc{tang2023toolalpacageneralizedtoollearning,
      title={ToolAlpaca: Generalized Tool Learning for Language Models with 3000 Simulated Cases}, 
      author={Qiaoyu Tang and Ziliang Deng and Hongyu Lin and Xianpei Han and Qiao Liang and Boxi Cao and Le Sun},
      year={2023},
      eprint={2306.05301},
      archivePrefix={arXiv},
      primaryClass={cs.CL},
      url={https://arxiv.org/abs/2306.05301}, 
}
@misc{dubois2024alpacafarmsimulationframeworkmethods,
      title={AlpacaFarm: A Simulation Framework for Methods that Learn from Human Feedback}, 
      author={Yann Dubois and Xuechen Li and Rohan Taori and Tianyi Zhang and Ishaan Gulrajani and Jimmy Ba and Carlos Guestrin and Percy Liang and Tatsunori B. Hashimoto},
      year={2024},
      eprint={2305.14387},
      archivePrefix={arXiv},
      primaryClass={cs.LG},
      url={https://arxiv.org/abs/2305.14387}, 
}